@article{hartley1928,
    title         = {Transmission of Information},
    author        = {Hartley, Ralph Vinton Lyon},
    year          = {1928},
    month         = {7},
    journal       = {Bell System Technical Journal},
    publisher     = {Institute of Electrical and Electronics Engineers (IEEE)},
    volume        = {7},
    number        = {3},
    pages         = {535--563},
    doi           = {10.1002/j.1538-7305.1928.tb01236.x},
    issn          = {0005-8580},
}

@article{shannon1948,
    title         = {A mathematical theory of communication.},
    author        = {Claude E. Shannon},
    year          = {1948},
    journal       = {Bell Syst. Tech. J.},
    volume        = {27},
    number        = {3},
    pages         = {379--423},
}

@article{golay1949,
    title         = {Notes on digital coding},
    author        = {Golay, Marcel JE},
    year          = {1949},
    journal       = {Proc. IEEE},
    volume        = {37},
    pages         = {657},
}

@article{hamming1950,
    title         = {Error Detecting and Error Correcting Codes},
    author        = {Hamming, Richard Wesley},
    year          = {1950},
    month         = {4},
    journal       = {Bell System Technical Journal},
    publisher     = {Institute of Electrical and Electronics Engineers (IEEE)},
    volume        = {29},
    number        = {2},
    pages         = {147--160},
    doi           = {10.1002/j.1538-7305.1950.tb00463.x},
    issn          = {0005-8580},
}

@article{gallager1962,
    title         = {Low-density parity-check codes},
    author        = {Gallager, Robert Gray},
    year          = {1962},
    month         = jan,
    journal       = {IEEE Transactions on Information Theory},
    publisher     = {Institute of Electrical and Electronics Engineers (IEEE)},
    volume        = {8},
    number        = {1},
    pages         = {21–28},
    doi           = {10.1109/tit.1962.1057683},
    issn          = {0018-9448},
}

@article{ziv1977,
    title         = {A universal algorithm for sequential data compression},
    author        = {Jacob Ziv and Abraham Lempel},
    year          = {1977},
    month         = may,
    journal       = {{IEEE} Transactions on Information Theory},
    publisher     = {Institute of Electrical and Electronics Engineers ({IEEE})},
    volume        = {23},
    number        = {3},
    pages         = {337--343},
    doi           = {10.1109/tit.1977.1055714},
}

@article{ziv1978,
    title         = {Compression of individual sequences via variable-rate coding},
    author        = {Jacob Ziv and Abraham Lempel},
    year          = {1978},
    month         = sep,
    journal       = {{IEEE} Transactions on Information Theory},
    publisher     = {Institute of Electrical and Electronics Engineers ({IEEE})},
    volume        = {24},
    number        = {5},
    pages         = {530--536},
    doi           = {10.1109/tit.1978.1055934},
}

@article{welch1984,
    title         = {A Technique for High-Performance Data Compression},
    author        = {Terry Archer Welch},
    year          = {1984},
    month         = jun,
    journal       = {Computer},
    publisher     = {Institute of Electrical and Electronics Engineers ({IEEE})},
    volume        = {17},
    number        = {6},
    pages         = {8--19},
    doi           = {10.1109/mc.1984.1659158},
}

@book{mackay2003,
    title         = {Information theory, inference, and learning algorithms},
    author        = {David John Cameron MacKay},
    year          = {2003},
    publisher     = {Cambridge University Press},
    address       = {Cambridge, UK ; New York},
    isbn          = {9780521642989},
    keywords      = {Information theory},
}

@book{costello2004,
    title         = {Error Control Coding},
    author        = {Costello, Daniel and Lin, Shu},
    year          = {2004},
    month         = {5},
    publisher     = {Pearson Education},
    address       = {Philadelphia, PA},
    edition       = {2},
}

@book{roth2006,
    title         = {Introduction to Coding Theory},
    author        = {Roth, Ron},
    year          = {2006},
    publisher     = {Cambridge University Press},
    isbn          = {9780521845045},
}

@book{salomon2007,
    title         = {Data Compression: The Complete Reference},
    author        = {David Salomon and Giovanni Motta and David Bryant},
    year          = {2007},
    publisher     = {Springer London},
    isbn          = {9781846286032},
}

@misc{bilmes2013,
    title         = {Lecture notes on Information Theory},
    author        = {Jeffrey A. Bilmes},
    year          = {2013},
    publisher     = {University of Washington},
}

@misc{wiki:morse,
    title         = {Morse code},
    author        = {{Wikipedia}},
    year          = {2020},
    note          = {[Online; accessed 10-August-2020]},
    howpublished  = {\url{https://en.wikipedia.org/wiki/Morse_code}},
}

@misc{wiki:bauby,
    title         = {Jean-Dominique Bauby},
    author        = {{Wikipedia}},
    year          = {2020},
    note          = {[Online; accessed 10-August-2020]},
    howpublished  = {\url{https://en.wikipedia.org/wiki/Jean-Dominique_Bauby}},
}

@misc{wiki:letterfreq,
    title         = {Letter frequency},
    author        = {{Wikipedia}},
    year          = {2020},
    note          = {[Online; accessed 10-August-2020]},
    howpublished  = {\url{https://en.wikipedia.org/wiki/Letter_frequency}},
}

@misc{wiki:etaoin,
    title         = {Etaoin shrdlu},
    author        = {{Wikipedia}},
    year          = {2020},
    note          = {[Online; accessed 10-August-2020]},
    howpublished  = {\url{https://en.wikipedia.org/wiki/Etaoin_shrdlu}},
}

@misc{wootters2021,
    title         = {Algebraic Coding Theory},
    author        = {Mary Wootters},
    year          = {2021},
    publisher     = {YouTube},
    howpublished  = {\url{https://www.youtube.com/playlist?list=PLkvhuSoxwjI_UudECvFYArvG0cLbFlzSr}},
}

@book{guruswami2023,
    title         = {Essential Coding Theory},
    author        = {Venkatesan Guruswami and Atri Rudra and Madhu Sudan},
    year          = {2023},
}

@book{zipf1935,
  title     = {An Introduction to Dynamic Philology},
  author    = {Zipf, George Kingsley},
  year      = {1935},
  publisher = {The MIT Press},
  address   = {Cambridge, MA}
}

@book{zipf1949,
  title     = {Human Behavior and the Principle of Least Effort},
  author    = {Zipf, George Kingsley},
  year      = {1949},
  publisher = {Addison-Wesley},
  address   = {Cambridge, MA}
}

@article{FerreriCancho2001,
  title = {Two Regimes in the Frequency of Words and the Origins of Complex Lexicons: Zipf’s Law Revisited∗},
  volume = {8},
  ISSN = {1744-5035},
  url = {http://dx.doi.org/10.1076/jqul.8.3.165.4101},
  DOI = {10.1076/jqul.8.3.165.4101},
  number = {3},
  journal = {Journal of Quantitative Linguistics},
  publisher = {Informa UK Limited},
  author = {Ferrer i Cancho,  Ramon and Solé,  Ricard V.},
  year = {2001},
  month = dec,
  pages = {165–173}
}

@article{araujo2013,
  author    = {Leonardo Carneiro Araújo and Thaïs Cristófaro-Silva and Hani Camille Yehia},
  title     = {Entropy of a Zipfian Distributed Lexicon},
  journal   = {Glottometrics},
  volume    = {26},
  year      = {2013},
  pages     = {38--49}
}

@book{cover2006,
  title={Elements of Information Theory},
  author={Cover, Thomas M. and Thomas, Joy A.},
  edition={2},
  year={2006},
  publisher={Wiley-Interscience},
  address={Hoboken, NJ},
  isbn={978-0-471-24195-9}
}

@book{yeung2002,
  title={A First Course in Information Theory},
  author={Yeung, Raymond W.},
  isbn={9780306467912},
  year={2002},
  publisher={Springer US}
}

@book{delfs2015,
  title = {Introduction to Cryptography: Principles and Applications},
  ISBN = {9783662479742},
  DOI = {10.1007/978-3-662-47974-2},
  publisher = {Springer Berlin Heidelberg},
  author = {Delfs, Hans and Knebl, Helmut},
  year = {2015}
}

@book{berger2002,
  author    = {Berger, Roger L. and Casella, George},
  title     = {Statistical Inference},
  publisher = {Duxbury Press},
  year      = {2002},
}

@book{wolfram2002,
  author = {Wolfram, Stephen},
  title = {A New Kind of Science},
  year = {2002},
  publisher = {Wolfram Media},
  address = {Champaign, IL},
  isbn = {978-1-57955-008-0}
}

@article{matsumoto1998mersenne,
  author = {Matsumoto, Makoto and Nishimura, Takuji},
  title = {Mersenne Twister: A 623-Dimensionally Equidistributed Uniform Pseudo-Random Number Generator},
  journal = {ACM Transactions on Modeling and Computer Simulation},
  volume = {8},
  number = {1},
  pages = {3--30},
  year = {1998},
  doi = {10.1145/272991.272995},
  publisher = {Association for Computing Machinery}
}

@inbook{tan2016,
  title = {GPU-Based Random Number Generators},
  ISBN = {9780128093627},
  url = {http://dx.doi.org/10.1016/B978-0-12-809362-7.50010-8},
  DOI = {10.1016/b978-0-12-809362-7.50010-8},
  booktitle = {Gpu-Based Parallel Implementation of Swarm Intelligence Algorithms},
  publisher = {Elsevier},
  author = {Tan,  Ying},
  year = {2016},
  pages = {147–165}
}


@book{knuth1997art,
  author = {Knuth, Donald E.},
  title = {The Art of Computer Programming, Volume 2: Seminumerical Algorithms},
  edition = {3},
  year = {1997},
  publisher = {Addison-Wesley},
  address = {Reading, MA},
  isbn = {978-0-201-89684-8}
}

@book{kocarev2011chaos,
  author = {Kocarev, Ljupco and Lian, Shiguo},
  title = {Chaos-Based Cryptography: Theory, Algorithms and Applications},
  year = {2011},
  publisher = {Springer},
  address = {Berlin, Heidelberg},
  isbn = {978-3-642-20541-5},
  doi = {10.1007/978-3-642-20542-2}
}

@book{kneusel2018random,
  author = {Kneusel, Ronald T.},
  title = {Random Numbers and Computers},
  year = {2018},
  publisher = {Springer},
  address = {Cham},
  isbn = {978-3-319-77696-5},
  doi = {10.1007/978-3-319-77697-2}
}
